% Encoding: UTF-8
@article { sequentialPatternMiningCriticalEvents,
	author = "", 
	title = "", 
	publisher = "", 
	year = 0,
}
@article { sequentialPatternMiningSurvey,
	author = "", 
	title = "", 
	publisher = "", 
	year = 0,
}
@article { weridArticle,
	author = "", 
	title = "", 
	publisher = "", 
	year = 0,
}

@Misc{promTools,
  title   = {ProM Tools},
  comment = {Contains description of ProM},
  url     = {http://www.promtools.org/doku.php},
}

@TechReport{Inamura2006,
  author      = {Inamura, Yasunari and others},
  title       = {Estimating continuous time transition matrices from discretely observed data},
  institution = {Bank of Japan},
  year        = {2006},
}

@InProceedings{Hajiaghayi2014,
  author    = {Hajiaghayi, Monir and Kirkpatrick, Bonnie and Wang, Liangliang and Bouchard-C{\^o}t{\'e}, Alexandre},
  title     = {Efficient Continuous-Time Markov Chain Estimation.},
  booktitle = {ICML},
  year      = {2014},
  pages     = {638--646},
}

@InProceedings{Gribaudo2007,
  author       = {Gribaudo, Marco and Telek, Mikl{\'o}s},
  title        = {Fluid models in performance analysis},
  booktitle    = {International School on Formal Methods for the Design of Computer, Communication and Software Systems},
  year         = {2007},
  pages        = {271--317},
  organization = {Springer},
}

@Article{Tzenova2005,
  author    = {Tzenova, Elena I and Adan, Ivo JBF and Kulkarni, Vidyadhar G},
  title     = {Fluid models with jumps},
  journal   = {Stochastic models},
  year      = {2005},
  volume    = {21},
  number    = {1},
  pages     = {37--55},
  publisher = {Taylor \& Francis},
}

@InProceedings{Wang2004,
  author       = {Wang, Jianyong and Han, Jiawei},
  title        = {BIDE: Efficient mining of frequent closed sequences},
  booktitle    = {Data Engineering, 2004. Proceedings. 20th International Conference on},
  year         = {2004},
  pages        = {79--90},
  organization = {IEEE},
}

@Article{Horton1998,
  author    = {Horton, Graham and Kulkarni, Vidyadhar G and Nicol, David M and Trivedi, Kishor S},
  title     = {Fluid stochastic Petri nets: Theory, applications, and solution techniques},
  journal   = {European Journal of Operational Research},
  year      = {1998},
  volume    = {105},
  number    = {1},
  pages     = {184--201},
  publisher = {Elsevier},
}

@Book{Bertsekas1995,
  title         = {Dynamic programming and optimal control},
  publisher     = {Athena Scientific Belmont, MA},
  year          = {1995},
  author        = {Bertsekas, Dimitri P and Bertsekas, Dimitri P and Bertsekas, Dimitri P and Bertsekas, Dimitri P},
  volume        = {1},
  number        = {2},
  __markedentry = {[s147569:6]},
}

@Comment{jabref-meta: databaseType:bibtex;}
